@article{PrivacionSensorial,
author = "Ardila, R.",
title = "Privacion Sensorial",
journal = "Revista Internacional de Psicologia",
year = "1970"
}

@article{ScienceSpace,
author = "Dede, C. and Salzman, M. and Bowen, R.",
title = "ScienceSpace: Virtual Realities for Learning Complex and Abstract Scientific Concepts",
journal = "Proceedings of the Virtual Reality Annual International Symposium",
year = "1996"
}

@article{Presence,
author = "Wynants, N. and Vanhoutte, K. and Bekaert, P.",
title = "Being Inside the Image. Heightening the Sence of Precence in a Video Captured Environment through Artistic Means: The Case of CREW",
journal = "Proceedings of the 11th Annual International Workshop on Presence",
year = "2008"
}

@article{Preparation,
author = {Katz, Larry and Parker, James and Tyreman, Hugh and Kopp, Gail and Levy, Richard and Chang, Ernie},
year = {2006},
month = {01},
pages = {4-16},
title = {Virtual Reality in Sport and Wellness: Promise and Reality},
volume = {4},
booktitle = {International Journal of Computer Science in Sport}
}

@article{Army,
author = {Mcmaster, Larry and Cooper, George and Mclin, David and Field, Donna and Baumgart, Robin and Frank, Geoffrey},
year = {2008},
month = {01},
pages = {},
title = {Combining 2D and 3D Virtual Reality for Improved Learning}
}
